%% This BibTeX bibliography file was created using BibDesk.
%% https://bibdesk.sourceforge.io/

%% Created for Nicolas Duquette at 2021-03-28 16:05:06 -0700 


%% Saved with string encoding Unicode (UTF-8) 



@article{DuquetteJMP,
	abstract = {w},
	author = {Duquette, Nicolas J.},
	date-added = {2019-09-12 15:31:10 -0700},
	date-modified = {2019-09-12 15:31:10 -0700},
	doi = {10.1016/j.jpubeco.2016.02.002},
	journal = {Journal of Public Economics},
	keywords = {charitable contribution deduction, taxes},
	month = {May},
	pages = {51--69},
	title = {Do Tax Incentives Affect Charitable Contributions? {E}vidence from Public Charities' Reported Revenues},
	volume = {137},
	year = {2016},
	Bdsk-File-1 = {YnBsaXN0MDDSAQIDBFxyZWxhdGl2ZVBhdGhZYWxpYXNEYXRhXxAwLi4vLi4vLi4vRHJvcGJveC9QYXBlcnMvRHVxdWV0dGUvRHVxdWV0dGVKTVAucGRmTxEBegAAAAABegACAAAMTWFjaW50b3NoIEhEAAAAAAAAAAAAAAAAAAAAAAAAAEJEAAH/////D0R1cXVldHRlSk1QLnBkZgAAAAAAAAAAAAAAAAAAAAAAAAAAAAAAAAAAAAAAAAAAAAAAAAAAAAAAAAAAAAAAAP////8AAAAAAAAAAAAAAAAAAwAEAAAKIGN1AAAAAAAAAAAAAAAAAAhEdXF1ZXR0ZQACAD8vOlVzZXJzOm5pY29sYXNkdXF1ZXR0ZTpEcm9wYm94OlBhcGVyczpEdXF1ZXR0ZTpEdXF1ZXR0ZUpNUC5wZGYAAA4AIAAPAEQAdQBxAHUAZQB0AHQAZQBKAE0AUAAuAHAAZABmAA8AGgAMAE0AYQBjAGkAbgB0AG8AcwBoACAASABEABIAPVVzZXJzL25pY29sYXNkdXF1ZXR0ZS9Ecm9wYm94L1BhcGVycy9EdXF1ZXR0ZS9EdXF1ZXR0ZUpNUC5wZGYAABMAAS8AABUAAgAW//8AAAAIAA0AGgAkAFcAAAAAAAACAQAAAAAAAAAFAAAAAAAAAAAAAAAAAAAB1Q==},
	Bdsk-File-2 = {YnBsaXN0MDDSAQIDBFxyZWxhdGl2ZVBhdGhZYWxpYXNEYXRhXxAxLi4vLi4vLi4vRHJvcGJveC9QYXBlcnMvRHVxdWV0dGUvRHVxdWV0dGVKTVAwLnBkZk8RAXwAAAAAAXwAAgAADE1hY2ludG9zaCBIRAAAAAAAAAAAAAAAAAAAAAAAAABCRAAB/////xBEdXF1ZXR0ZUpNUDAucGRmAAAAAAAAAAAAAAAAAAAAAAAAAAAAAAAAAAAAAAAAAAAAAAAAAAAAAAAAAAAAAAD/////AAAAAAAAAAAAAAAAAAMABAAACiBjdQAAAAAAAAAAAAAAAAAIRHVxdWV0dGUAAgBALzpVc2VyczpuaWNvbGFzZHVxdWV0dGU6RHJvcGJveDpQYXBlcnM6RHVxdWV0dGU6RHVxdWV0dGVKTVAwLnBkZgAOACIAEABEAHUAcQB1AGUAdAB0AGUASgBNAFAAMAAuAHAAZABmAA8AGgAMAE0AYQBjAGkAbgB0AG8AcwBoACAASABEABIAPlVzZXJzL25pY29sYXNkdXF1ZXR0ZS9Ecm9wYm94L1BhcGVycy9EdXF1ZXR0ZS9EdXF1ZXR0ZUpNUDAucGRmABMAAS8AABUAAgAW//8AAAAIAA0AGgAkAFgAAAAAAAACAQAAAAAAAAAFAAAAAAAAAAAAAAAAAAAB2A==},
	Bdsk-Url-1 = {https://doi.org/10.1016/j.jpubeco.2016.02.002}}
